% Encoding: UTF-8

\begin{thebibliography}{10}

\bibitem{:ballard2005achieving}
L.~Ballard, S.~Kamara, and F.~Monrose.
\newblock Achieving efficient conjunctive keyword searches over encrypted data.
\newblock In {\em Information and Communications Security}, pages 414--426.
  Springer, 2005.

\bibitem{:bao2008private}
F.~Bao, R.~H. Deng, X.~Ding, and Y.~Yang.
\newblock Private query on encrypted data in multi-user settings.
\newblock In {\em Information Security Practice and Experience}, pages 71--85.
  Springer, 2008.

\bibitem{:baroni2004using}
M.~Baroni and S.~Bisi.
\newblock Using cooccurrence statistics and the web to discover synonyms in a
  technical language.
\newblock In {\em LREC}, 2004.

\bibitem{:bellare2007deterministic}
M.~Bellare, A.~Boldyreva, and A.~O’Neill.
\newblock Deterministic and efficiently searchable encryption.
\newblock In {\em Advances in Cryptology-CRYPTO 2007}, pages 535--552.
  Springer, 2007.

\bibitem{:bijral2014efficient}
S.~Bijral and D.~Mukhopadhyay.
\newblock Efficient fuzzy search engine with b-tree search mechanism.
\newblock {\em arXiv preprint arXiv:1411.6773}, 2014.

\bibitem{:boldyreva2014efficient}
A.~Boldyreva and N.~Chenette.
\newblock Efficient fuzzy search on encrypted data.
\newblock {\em IACR Cryptology ePrint Archive}, 2014:235, 2014.

\bibitem{:boneh2004public}
D.~Boneh, G.~Di~Crescenzo, R.~Ostrovsky, and G.~Persiano.
\newblock Public key encryption with keyword search.
\newblock In {\em Advances in Cryptology-Eurocrypt 2004}, pages 506--522.
  Springer, 2004.

\bibitem{:boneh2007conjunctive}
D.~Boneh and B.~Waters.
\newblock Conjunctive, subset, and range queries on encrypted data.
\newblock In {\em Theory of cryptography}, pages 535--554. Springer, 2007.

\bibitem{:cash2014dynamic}
D.~Cash, J.~Jaeger, S.~Jarecki, C.~Jutla, H.~Krawczyk, M.-C. Rosu, and
  M.~Steiner.
\newblock Dynamic searchable encryption in very large databases: Data
  structures and implementation.
\newblock In {\em Proc. of NDSS}, volume~14, 2014.

\bibitem{:cash2013highly}
D.~Cash, S.~Jarecki, C.~Jutla, H.~Krawczyk, M.-C. Ro{\c{s}}u, and M.~Steiner.
\newblock Highly-scalable searchable symmetric encryption with support for
  boolean queries.
\newblock In {\em Advances in Cryptology--CRYPTO 2013}, pages 353--373.
  Springer, 2013.

\bibitem{:chang2005privacy}
Y.-C. Chang and M.~Mitzenmacher.
\newblock Privacy preserving keyword searches on remote encrypted data.
\newblock In {\em Applied Cryptography and Network Security}, pages 442--455.
  Springer, 2005.

\bibitem{:cheney2009linear}
W.~Cheney and D.~Kincaid.
\newblock Linear algebra: Theory and applications.
\newblock {\em The Australian Mathematical Society}, page 110, 2009.

\bibitem{:chuah2011privacy}
M.~Chuah and W.~Hu.
\newblock Privacy-aware bedtree based solution for fuzzy multi-keyword search
  over encrypted data.
\newblock In {\em Distributed Computing Systems Workshops (ICDCSW), 2011 31st
  International Conference on}, pages 273--281. IEEE, 2011.

\bibitem{:curtmola2006searchable}
R.~Curtmola, J.~Garay, S.~Kamara, and R.~Ostrovsky.
\newblock Searchable symmetric encryption: improved definitions and efficient
  constructions.
\newblock In {\em Proceedings of the 13th ACM conference on Computer and
  communications security}, pages 79--88. ACM, 2006.

\bibitem{:di2007public}
G.~Di~Crescenzo and V.~Saraswat.
\newblock Public key encryption with searchable keywords based on jacobi
  symbols.
\newblock In {\em Progress in Cryptology--INDOCRYPT 2007}, pages 282--296.
  Springer, 2007.

\bibitem{:fu2014semantic}
Z.~Fu, J.~Shu, X.~Sun, and D.~Zhang.
\newblock Semantic keyword search based on trie over encrypted cloud data.
\newblock In {\em Proceedings of the 2nd international workshop on Security in
  cloud computing}, pages 59--62. ACM, 2014.

\bibitem{:goh2003secure}
E.-J. Goh et~al.
\newblock Secure indexes.
\newblock {\em IACR Cryptology ePrint Archive}, 2003:216, 2003.

\bibitem{:golle2004secure}
P.~Golle, J.~Staddon, and B.~Waters.
\newblock Secure conjunctive keyword search over encrypted data.
\newblock In {\em Applied Cryptography and Network Security}, pages 31--45.
  Springer, 2004.

\bibitem{:grefenstette1994explorations}
G.~Grefenstette.
\newblock {\em Explorations in automatic thesaurus discovery}.
\newblock Springer, 1994.

\bibitem{:hahn2014searchable}
F.~Hahn and F.~Kerschbaum.
\newblock Searchable encryption with secure and efficient updates.
\newblock In {\em Proceedings of the 2014 ACM SIGSAC Conference on Computer and
  Communications Security}, pages 310--320. ACM, 2014.

\bibitem{:kamara2010cryptographic}
S.~Kamara and K.~Lauter.
\newblock Cryptographic cloud storage.
\newblock In {\em Financial Cryptography and Data Security}, pages 136--149.
  Springer, 2010.

\bibitem{:kamara2012dynamic}
S.~Kamara, C.~Papamanthou, and T.~Roeder.
\newblock Dynamic searchable symmetric encryption.
\newblock In {\em Proceedings of the 2012 ACM conference on Computer and
  communications security}, pages 965--976. ACM, 2012.

\bibitem{:kerschbaum2011secure}
F.~Kerschbaum.
\newblock Secure conjunctive keyword searches for unstructured text.
\newblock In {\em Network and System Security (NSS), 2011 5th International
  Conference on}, pages 285--289. IEEE, 2011.

\bibitem{:krizhanovsky2006synonym}
A.~Krizhanovsky.
\newblock Synonym search in wikipedia: Synarcher.
\newblock {\em arXiv preprint cs/0606097}, 2006.

\bibitem{:kuzu2012efficient}
M.~Kuzu, M.~S. Islam, and M.~Kantarcioglu.
\newblock Efficient similarity search over encrypted data.
\newblock In {\em Data Engineering (ICDE), 2012 IEEE 28th International
  Conference on}, pages 1156--1167. IEEE, 2012.

\bibitem{:li2010fuzzy}
J.~Li, Q.~Wang, C.~Wang, N.~Cao, K.~Ren, and W.~Lou.
\newblock Fuzzy keyword search over encrypted data in cloud computing.
\newblock In {\em INFOCOM, 2010 Proceedings IEEE}, pages 1--5. IEEE, 2010.

\bibitem{:moataz2013boolean}
T.~Moataz and A.~Shikfa.
\newblock Boolean symmetric searchable encryption.
\newblock In {\em Proceedings of the 8th ACM SIGSAC symposium on Information,
  computer and communications security}, pages 265--276. ACM, 2013.

\bibitem{:moataz2013searchable}
T.~Moataz and A.~Shikfa.
\newblock Searchable encryption supporting general boolean expression queries.
\newblock In {\em Financial Cryptography and Data Security}, pages 401--401.
  Springer, 2013.

\bibitem{:naveed2014dynamic}
M.~Naveed, M.~Prabhakaran, and C.~A. Gunter.
\newblock Dynamic searchable encryption via blind storage.
\newblock {\em IACR Cryptology ePrint Archive}, 2014:219, 2014.

\bibitem{:sauls2010synonym}
C.~Sauls, T.~Leithead, and R.~Tokumi.
\newblock Synonym and similar word page search, Sept.~14 2010.
\newblock US Patent App. 12/881,385.

\bibitem{:shamir1979share}
A.~Shamir.
\newblock How to share a secret.
\newblock {\em Communications of the ACM}, 22(11):612--613, 1979.

\bibitem{:song2000practical}
D.~X. Song, D.~Wagner, and A.~Perrig.
\newblock Practical techniques for searches on encrypted data.
\newblock In {\em Security and Privacy, 2000. S\&P 2000. Proceedings. 2000 IEEE
  Symposium on}, pages 44--55. IEEE, 2000.

\bibitem{:stefanov2013practical}
E.~Stefanov, C.~Papamanthou, and E.~Shi.
\newblock Practical dynamic searchable encryption with small leakage.
\newblock {\em IACR Cryptology ePrint Archive}, 2013:832, 2013.

\bibitem{:wang2014privacy}
B.~Wang, S.~Yu, W.~Lou, and Y.~T. Hou.
\newblock Privacy-preserving multi-keyword fuzzy search over encrypted data in
  the cloud.
\newblock In {\em IEEE INFOCOM}, 2014.

\bibitem{:wang2010secure}
C.~Wang, N.~Cao, J.~Li, K.~Ren, and W.~Lou.
\newblock Secure ranked keyword search over encrypted cloud data.
\newblock In {\em Distributed Computing Systems (ICDCS), 2010 IEEE 30th
  International Conference on}, pages 253--262. IEEE, 2010.

\bibitem{:wang2012achieving}
C.~Wang, K.~Ren, S.~Yu, and K.~M.~R. Urs.
\newblock Achieving usable and privacy-assured similarity search over
  outsourced cloud data.
\newblock In {\em INFOCOM, 2012 Proceedings IEEE}, pages 451--459. IEEE, 2012.

\bibitem{:wang2013efficient}
J.~Wang, H.~Ma, Q.~Tang, J.~Li, H.~Zhu, S.~Ma, and X.~Chen.
\newblock Efficient verifiable fuzzy keyword search over encrypted data in
  cloud computing.
\newblock {\em Computer Science and Information Systems/ComSIS},
  10(2):667--684, 2013.

\bibitem{:waters2004building}
B.~R. Waters, D.~Balfanz, G.~Durfee, and D.~K. Smetters.
\newblock Building an encrypted and searchable audit log.
\newblock In {\em NDSS}, volume~4, pages 5--6, 2004.

\bibitem{:wei2009context}
X.~Wei, F.~Peng, H.~Tseng, Y.~Lu, and B.~Dumoulin.
\newblock Context sensitive synonym discovery for web search queries.
\newblock In {\em Proceedings of the 18th ACM conference on Information and
  knowledge management}, pages 1585--1588. ACM, 2009.

\bibitem{:yu2014conjunctive}
J.~Yu.
\newblock Conjunctive fuzzy keyword search over encrypted data in cloud
  computing.
\newblock {\em TELKOMNIKA Indonesian Journal of Electrical Engineering},
  12(3):2104--2109, 2014.

\end{thebibliography}


%%%%%
%%%%%@BOOK{Meta_CN,
%%%%%  title = {{电磁超介质及其应用}},
%%%%%  address = {北京},
%%%%%  publisher = {国防工业出版社},
%%%%%  year = {2008},
%%%%%  author = {崔万照 and 马伟 and 邱乐徳 and 张洪太},
%%%%%  language = {zh}
%%%%%}
%%%%%
%%%%%@BOOK{JohnD,
%%%%%  title = {{Photonic Crystals: Molding the Flow of Light}},
%%%%%  publisher = {Princeton University Press},
%%%%%  year = {2008},
%%%%%  author = {Joannopoulos, J. D. and Johnson, S. G. and Winn, J. N.}
%%%%%}
%%%%%
%%%%%@book{IEEE-1363,
%%%%%  author={{IEEE Std 1363-2000}},
%%%%%  title={{IEEE} Standard Specifications for Public-Key Cryptography},
%%%%%  address={New York},
%%%%%  publisher={IEEE},
%%%%%  year={2000}
%%%%%}
%%%%%
%%%%%@ARTICLE{chen2007act,
%%%%%  author = {Chen, H. and Chan, C. T.},
%%%%%  title = {{Acoustic cloaking in three dimensions using acoustic metamaterials}},
%%%%%  journal = {Applied Physics Letters},
%%%%%  year = {2007},
%%%%%  volume = {91},
%%%%%  pages = {183518},
%%%%%  publisher = {AIP}
%%%%%}
%%%%%
%%%%%@ARTICLE{chen2007ewi,
%%%%%  author = {Chen, H. and Wu, B. I. and Zhang, B. and Kong, J. A.},
%%%%%  title = {{Electromagnetic Wave Interactions with a Metamaterial Cloak}},
%%%%%  journal = {Physical Review Letters},
%%%%%  year = {2007},
%%%%%  volume = {99},
%%%%%  pages = {63903},
%%%%%  number = {6},
%%%%%  publisher = {APS}
%%%%%}
%%%%%
%%%%%
%%%%%@inproceedings{kocher99,
%%%%%  author={C. Kocher and J. Jaffe and B. Jun},
%%%%%  title={Differential Power Analysis},
%%%%%  editor={M. Wiener},
%%%%%  booktitle={Advances in Cryptology ({CRYPTO}~'99)},
%%%%%  series={Lecture Notes in Computer Science},
%%%%%  volume={1666},
%%%%%  pages={388-397},
%%%%%  publisher={Springer-Verlag},
%%%%%  month={August},
%%%%%  year={1999}
%%%%%}
%%%%%
%%%%%
%%%%%@INCOLLECTION{Krasnogor2004e,
%%%%%  AUTHOR = {N. Krasnogor},
%%%%%  TITLE = {Towards robust memetic algorithms},
%%%%%  BOOKTITLE = {Recent Advances in Memetic Algorithms},
%%%%%  PUBLISHER = {Springer Berlin Heidelberg},
%%%%%  YEAR = {2004},
%%%%%  PAGES = {185-207},
%%%%%  EDITOR = {W.E. Hart and N. Krasnogor and J.E. Smith},
%%%%%  VOLUME = {166},
%%%%%  SERIES = {Studies in Fuzziness and Soft Computing},
%%%%%  ADDRESS = {New York},
%%%%%}
%%%%%
%%%%%@INCOLLECTION{zjsw,
%%%%%  AUTHOR = {班固},
%%%%%  TITLE = {苏武传},
%%%%%  BOOKTITLE = {传记散文英华},
%%%%%  PUBLISHER = {湖北人民出版社},
%%%%%  YEAR = {1998},
%%%%%  PAGES = {65-69},
%%%%%  EDITOR = {郑在瀛 and 汪超宏 and 周文复},
%%%%%  VOLUME = {2},
%%%%%  SERIES = {新古文观止丛书},
%%%%%  ADDRESS = {武汉},
%%%%%  language = {zh},
%%%%%}
%%%%%
%%%%%
%%%%%@INBOOK{clzs,
%%%%%  AUTHOR = {阎真},
%%%%%  TITLE = {沧浪之水},
%%%%%  CHAPTER = {大人物还是讲人情的},
%%%%%  PAGES = {185-207},
%%%%%  PUBLISHER = {人民文学出版社},
%%%%%  YEAR = {2001},
%%%%%  language = {zh},
%%%%%}
%%%%%
%%%%%@Book{tex,
%%%%% author    = {Donald E. Knuth},
%%%%% title     = {The {\TeX} Book},
%%%%% publisher = {Addison-Wesley Publishing Company},
%%%%% address   = {Reading, MA},
%%%%% year      = 1989,
%%%%% edition   = {15th},
%%%%%}
%%%%%
%%%%%@Book{companion,
%%%%% author    = {Michel Goosens and Frank Mittelbach and Alexander Samarin},
%%%%% title     = {The {\LaTeX} Companion},
%%%%% publisher = {Addison-Wesley Publishing Company},
%%%%% address   = {Reading, MA},
%%%%% PAGES = {112--125},
%%%%% year      = 1994,
%%%%%}
%%%%%
%%%%%@ARTICLE{ELIDRISSI94,
%%%%%  AUTHOR =       {{Chafik El Idrissi}, M. and {Roney}, A. and {Frigon}, C. and
%%%%%                  {Larzilli{\`e}re}, M.},
%%%%%  TITLE =        {Measurements of total kinetic-energy released to the {$N=2$}
%%%%%                  dissociation limit of {H}$_2$ --- evidence of the dissociation
%%%%%                  of very high vibrational {R}ydberg states of {H}$_2$ by
%%%%%                  doubly-excited states},
%%%%%  JOURNAL =      {Chemical Physics Letters},
%%%%%  PAGES =        {260-266},
%%%%%  VOLUME =       224,
%%%%%  NUMBER =       10,
%%%%%  YEAR =         1994,
%%%%%}
%%%%%
%%%%%@ARTICLE{MELLINGER96,
%%%%%  AUTHOR =       {Mellinger, A. and Vidal, C. R. and Jungen, Ch.},
%%%%%  TITLE =        {Laser reduced fluorescence study of the carbon-monoxide nd
%%%%%                  triplet {R}ydberg series-experimental results and multichannel
%%%%%                  quantum-defect analysis},
%%%%%  JOURNAL =      {J. Chem. Phys.},
%%%%%  PAGES =        {8913-8921},
%%%%%  VOLUME =       104,
%%%%%  NUMBER =       5,
%%%%%  YEAR =         1996,
%%%%%}
%%%%%
%%%%%@ARTICLE{SHELL02,
%%%%%  AUTHOR =       {Michael Shell},
%%%%%  TITLE =        {How to Use the {IEEEtran \LaTeX} Class},
%%%%%  JOURNAL =      {Journal of {\LaTeX} Class Files},
%%%%%  YEAR =         2002,
%%%%%  VOLUME =       12,
%%%%%  NUMBER =       4,
%%%%%  PAGES =        {100--120}
%%%%%}
%%%%%
%%%%%@TechReport{NPB2,
%%%%%  title =        {The {NAS} Parallel Benchmarks 2.0},
%%%%%  author =       {Alex Woo and David Bailey and Maurice Yarrow and Wijngaart
%%%%%                  Wijngaart and Tim Harris and William Saphir},
%%%%%  year =         1995,
%%%%%  month =        dec # {~05},
%%%%%  institution =  {The Pennsylvania State University CiteSeer Archives},
%%%%%  url =          {http://www.nasa.org/}
%%%%%}
%%%%%
%%%%%@INPROCEEDINGS{DPMG,
%%%%%  author =       {Kim, Sangbum and Woo, Namyoon and Yeom, Heon Y. and Park,
%%%%%                  Taesoon and Park, Hyoungwoo},
%%%%%  title =        {Design and {I}mplementation of {D}ynamic {P}rocess
%%%%%                  {M}anagement for {G}rid-enabled {MPICH}},
%%%%%  booktitle =    {the 10th European PVM/MPI Users' Group Conference},
%%%%%  year =         2003,
%%%%%  address =      {Venice, Italy},
%%%%%  month =        sep,
%%%%%}
%%%%%
%%%%%@INPROCEEDINGS{cnproceed,
%%%%%  author =       {王重阳 and 黄药师 and 欧阳峰 and 洪七公 and 段皇帝},
%%%%%  title =        {武林高手从入门到精通},
%%%%%  booktitle =    {第~$N$~次华山论剑},
%%%%%  year =         2006,
%%%%%  address =      {西安, 中国},
%%%%%  publisher = {中国古籍出版社},
%%%%%  month =        sep,
%%%%%  language =     {zh},
%%%%%}
%%%%%
%%%%%@ARTICLE{cnarticle,
%%%%%  AUTHOR =       {贾宝玉 and 林黛玉 and 薛宝钗 and 贾探春},
%%%%%  TITLE =        {论刘姥姥食量大如牛之现实意义},
%%%%%  JOURNAL =      {红楼梦杂谈},
%%%%%  PAGES =        {260--266},
%%%%%  VOLUME =       224,
%%%%%  YEAR =         1800,
%%%%%  LANGUAGE =         {zh},
%%%%%}
%%%%%
%%%%%@MastersThesis{zhubajie,
%%%%%  author =       {猪八戒},
%%%%%  title =        {论流体食物的持久保存},
%%%%%  school =       {广寒宫大学},
%%%%%  year =         2005,
%%%%%  address =      {北京},
%%%%%  language =         {zh},
%%%%%}
%%%%%
%%%%%@PhdThesis{shaheshang,
%%%%%  author =       {沙和尚},
%%%%%  title =        {论流沙河的综合治理},
%%%%%  school =       {清华大学},
%%%%%  year =         2005,
%%%%%  address =      {北京},
%%%%%  language =     {zh},
%%%%%}
%%%%%
%%%%%@MastersThesis{metamori2004,
%%%%%  author =       {Ashwin Raju Jeyakumar},
%%%%%  title =        {Metamori: A library for Incremental File Checkpointing},
%%%%%  school =       {Virgina Tech},
%%%%%  year =         2004,
%%%%%  month =        jun # {~21},
%%%%%  address =      {Blacksburg},
%%%%%}
%%%%%
%%%%%@PHDTHESIS{FistSystem01,
%%%%%  AUTHOR =       {Erez Zadok},
%%%%%  TITLE =        {{FiST: A System for Stackable File System Code Generation}},
%%%%%  YEAR =         2001,
%%%%%  MONTH =        {May},
%%%%%  SCHOOL =       {Computer Science Department, Columbia University},
%%%%%  ADDRESS =      {USA}
%%%%%}
%%%%%
%%%%%@INBOOK{ColdSources,
%%%%%  AUTHOR =       {P. Gr{\"o}ning and L. Nilsson and P. Ruffieux and R.
%%%%%                  Clergereaux and O. Gr{\"o}ning},
%%%%%  TITLE =        {Encyclopedia of Nanoscience and Nanotechnology},
%%%%%  pages =        {547--579},
%%%%%  PUBLISHER =    {American Scientific Publishers},
%%%%%  YEAR =         2004,
%%%%%  volume =       1,
%%%%%}
%%%%%
%%%%%  @phdthesis{bai2008,
%%%%%  title={{信用风险传染模型和信用衍生品的定价}},
%%%%%  author={白云芬},
%%%%%  year={2008},
%%%%%  language={zh},
%%%%%  school={上海交通大学},
%%%%%address={上海},
%%%%%  }
%%%%%
%%%%%
%%%%%%萧钰.出版业信息化迈人快车道[EB/OL]. (2001-12-19)[2002-04-15]. http://www.creader.com/news/20011219/200112190019. html.
%%%%%@MISC{xiaoyu2001,
%%%%%  author =       {萧钰},
%%%%%  title =        {出版业信息化迈人快车道},
%%%%%  year =         {2001},
%%%%%  TypeofLit =    {EB/OL},
%%%%%  modifydate =   {2001-12-19},
%%%%%  citedate =     {2002-04-15},
%%%%%  url =          {http://www.creader.com/news/20011219/200112190019.html},
%%%%%  language =     {Chinese},
%%%%%}
%%%%%
%%%%%% CHRISTINE M. Plant physiology: plant biology in the Genome Era[J/OL]. Science, 1998, 281:331-332[1998-09-23]. http://www.sciencemag.org/cgi/collection/anatmorp.
%%%%%% 在线析出文献
%%%%%@article{CHRISTINE1998,
%%%%%  author =       {Christine, Mlot},
%%%%%  title =        {Plant physiology: plant biology in the Genome Era},
%%%%%  journal =      {Science},
%%%%%  volume =       {281},
%%%%%  pages =        {331-332},
%%%%%  year =         {1998},
%%%%%  TypeofLit =    {J/OL},
%%%%%  citedate =     {1998-09-23},
%%%%%  url =           {http://www.sciencemag.org/cgi/collection/anatmorp},
%%%%%}
%%%%%
%%%%%@book{RManual,
%%%%%        Address = {Vienna, Austria},
%%%%%        Author = {{R Core Team}},
%%%%%        Note = {{ISBN} 3-900051-07-0},
%%%%%        Organization = {{R Foundation for Statistical Computing}},
%%%%%        title = {R: A Language and Environment for Statistical Computing},
%%%%%        url = {http://www.R-project.org/},
%%%%%        Year = {2012},
%%%%%}
%%%%%
%%%%%@comment{jabref-meta: selector_publisher:}
%%%%%
%%%%%@comment{jabref-meta: selector_author:}
%%%%%
%%%%%@comment{jabref-meta: selector_journal:}
%%%%%
%%%%%@comment{jabref-meta: selector_keywords:}
