% DO NOT DELETE This File!!!

% encoding: GBK

% !Mode:: "TeX:UTF-8"

