% DO NOT DELETE This File!!!

% encoding: GBK

% !Mode:: "TeX:UTF-8"
@inproceedings{bellare1993random,
  title={Random oracles are practical: A paradigm for designing efficient protocols},
  author={Bellare, Mihir and Rogaway, Phillip},
  booktitle={Proceedings of the 1st ACM conference on Computer and communications security},
  pages={62--73},
  year={1993},
  organization={ACM}
}

@article{goh2003secure,
  title={Secure Indexes.},
  author={Goh, Eu-Jin and others},
  journal={IACR Cryptology ePrint Archive},
  volume={2003},
  pages={216},
  year={2003}
}

@article{gremillion1982designing,
  title={Designing a Bloom filter for differential file access},
  author={Gremillion, Lee L},
  journal={Communications of the ACM},
  volume={25},
  number={9},
  pages={600--604},
  year={1982},
  publisher={ACM}
}
